@article{Krim-Viberg,
	author	=	{Krim H. and Viberg M.},  
	journal =	{IEEE Signal Processing Magazine},   
	title	=	{Two decades of array signal processing research: the parametric approach},   
	year	=	{1996},  
	volume	=	{13},  
	number	=	{4},  
	pages	=	{67-94},  
	doi		=	{10.1109/79.526899},
}

@article{Models-to-Deep,
	author 		= {Luijten, Ben and Chennakeshava, Nishith and Eldar, Yonina C. and Mischi, Massimo and van Sloun, Ruud J. G.},  
  	doi 		= {10.48550/ARXIV.2204.04466},
  	url 		= {https://arxiv.org/abs/2204.04466},
  	title 		= {Ultrasound Signal Processing: From Models to Deep Learning},
  	publisher 	= {arXiv},
  	year 		= {2022},
}

@article{Rindal,
	author	=	{Rindal, Ole Marius Hoel},  
	journal =	{},   
	title	=	{Software Beamforming in Medical Ultrasound Imaging - a blessing and a curse},   
	year	=	{2019},
	url		= 	{http://urn.nb.no/URN:NBN:no-76872}
}

@article{DNN-beamforming,
	author	=	{Luchies, Adam C. and Byram, Brett C.},  
	journal	=	{IEEE Transactions on Medical Imaging},   
	title	=	{Deep Neural Networks for Ultrasound Beamforming},   
	year	=	{2018}, 
   	volume	=	{37},  
   	number	=	{9}, 
    pages	=	{2010-2021},  
    doi		=	{10.1109/TMI.2018.2809641},
}

@article{Kjenstad,
	author	=	{Kjenstad, Lars Egil},  
	journal	=	{},   
	title	=	{Ultrasound Beamforming based on Deep Learning},   
	year	=	{2020}, 
   	volume	=	{},  
   	number	=	{}, 
    pages	=	{},  
    doi		=	{},
    url		= 	{https://ntnuopen.ntnu.no/ntnu-xmlui/handle/11250/2657612}
}

@article{NN-eigen,
	author 	= {Yi, Zhang and Fu, Yan and Tang, Hua},
	year 	= {2004},
	month	= {04},
	pages	= {1155-1164},
	title 	= {Neural networks based approach for computing eigenvectors and eigenvalues of symmetric matrix},
	volume 	= {47},
	journal	= {Computers \& Mathematics with Applications},
	doi 	= {10.1016/S0898-1221(04)90110-1}
}

@article{Simons,
	title 		= {Approximating the inverse of a symmetric positive definite matrix},
	journal 	= {Linear Algebra and its Applications},
	volume 		= {281},
	number 		= {1},
	pages 		= {97-103},
	year 		= {1998},
	issn 		= {0024-3795},
	doi 		= {https://doi.org/10.1016/S0024-3795(98)10038-1},
	url			= {https://www.sciencedirect.com/science/article/pii/S0024379598100381},
	author 		= {Gordon Simons and Yi-Ching Yao},
}

@article{Adaptive-Deep-Learning,
  author	=	{Luijten, Ben and Cohen, Regev and de Bruijn, Frederik J. and Schmeitz, Harold A. W. and Mischi, Massimo and Eldar, Yonina C. and van Sloun, Ruud J. G.},
  journal	=	{IEEE Transactions on Medical Imaging}, 
  title		=	{Adaptive Ultrasound Beamforming Using Deep Learning}, 
  year		=	{2020},
  volume	=	{39},
  number	=	{12},
  pages		=	{3967-3978},
  doi		=	{10.1109/TMI.2020.3008537}
}

